@article{Leonard99,
    author    = "Tom Leonard",
    title     = "Postmortem: Thief: The Dark Project",
    journal   = "Game Developer magazine",
    year      = "1999",
    month     = "Juliol",
    note      = "\url{http://www.gamasutra.com/view/feature/3355/postmortem_thief_the_dark_project.php?print=1}. Darrer accés 16/6/2011",
}

@book{Gregory09,
    author    = "Jason Gregory",
    title     = "Game Engine Architecture",
    publisher = "A K Peters",
    edition   = "1",
    year      = "2009",
}

@article{Martin97,
    author    = "Robert C. Martin",
    title     = "Java and C++ A critical comparison",
    year      = "1997",
    note      = "\url{http://www.objectmentor.com/resources/articles/javacpp.pdf},. Darrer accés 22/5/2011",
}

@article{West07,
    author    = "Mick West",
    title     = "Evolve Your Hierarchy",
    year      = "2007",
    note      = "\url{http://cowboyprogramming.com/2007/01/05/evolve-your-heirachy/}. Darrer accés 23/5/2011",
}

@article{Bilas02,
    author    = "Scott Bilas",
    title     = "A Data-Driven Game Object System",
    year      = "2002",
    note      = "\url{http://scottbilas.com/files/2002/gdc_san_jose/game_objects_slides.pdf}. Darrer accés 23/5/2011",
}

@article{EntityWiki,
    author    = "Adam Martin",
    title     = "Entity Systems Project",
    year      = "2011",
    note      = "\url{http://entity-systems.wikidot.com/}. Darrer accés 23/5/2011",
}

@article{EntityWikiB,
    author    = "Adam Martin",
    title     = "Rdbms With Code In Systems",
    year      = "2011",
    note      = "\url{http://entity-systems.wikidot.com/rdbms-with-code-in-systems}. Darrer accés 25/5/2011",
}

@article{WikiScumm,
    author    = "Wikipedia",
    title     = "SCUMM",
    year      = "2011",
    note      = "\url{http://ca.wikipedia.org/wiki/SCUMM}. Darrer accés 09/6/2011",
}

@article{WikiIdTech,
    author    = "Wikipedia",
    title     = "id Tech",
    year      = "2011",
    note      = "\url{http://en.wikipedia.org/wiki/Id_Tech}. Darrer accés 09/6/2011",
}

@article{WikiAnalitzadorLL,
    author    = "Wikipedia",
    title     = "Analizador sintáctico LL",
    year      = "2011",
    note      = "\url{http://es.wikipedia.org/wiki/Analizador_sint%C3%A1ctico_LL}. Darrer accés 16/6/2011",
}

@article{Wilson02,
    author    = "Kyle Wilson",
    title     = "Game Object Structure: Inheritance vs. Aggregation",
    year      = "2002",
    note      = "\url{http://gamearchitect.net/Articles/GameObjects1.html}. Darrer accés 23/5/2011",
}

@article{Martin07,
    author    = "Adam Martin",
    title     = "Entity Systems are the future of MMOG development - Part 1",
    year      = "2007",
    note      = "\url{http://t-machine.org/index.php/2007/09/03/entity-systems-are-the-future-of-mmog-development-part-1/}. Darrer accés 25/5/2011",
}
