@article{Leonard99,
    author    = "Tom Leonard",
    title     = "Postmortem: Thief: The Dark Project",
    journal   = "Game Developer magazine",
    year      = "1999",
    month     = "Juliol",
    url       = "http://www.gamasutra.com/view/feature/3355/postmortem_thief_the_dark_project.php?print=1",
    note      = "Darrer acc√©s 21/5/2011",
}

@book{Gregory09,
    author    = "Jason Gregory",
    title     = "Game Engine Architecture",
    publisher = "A K Peters",
    edition   = "1",
    year      = "2009",
}
